<?xml version="1.0" encoding="UTF-8"?><record xmlns="http://www.loc.gov/MARC21/slim" xmlns:cinclude="http://apache.org/cocoon/include/1.0" xmlns:zs="http://www.loc.gov/zing/srw/">
  <leader>00499nz  a2200145n  4500</leader>
  <controlfield tag="001">no2001068551</controlfield>
  <controlfield tag="003">DLC</controlfield>
  <controlfield tag="005">20010828071142.0</controlfield>
  <controlfield tag="008">010827n| acannaabn          |n aaa     c</controlfield>
  <datafield tag="010" ind1=" " ind2=" ">
    <subfield code="a">no2001068551</subfield>
  </datafield>
  <datafield tag="035" ind1=" " ind2=" ">
    <subfield code="a">(OCoLC)oca05569506</subfield>
  </datafield>
  <datafield tag="040" ind1=" " ind2=" ">
    <subfield code="a">TxCM</subfield>
    <subfield code="b">eng</subfield>
    <subfield code="c">TxCM</subfield>
  </datafield>
  <datafield tag="100" ind1="1" ind2=" ">
    <subfield code="a">Skowronnek, Fritz,</subfield>
    <subfield code="d">1858-1939</subfield>
  </datafield>
  <datafield tag="670" ind1=" " ind2=" ">
    <subfield code="a">Das Masurenbuch, c1916:</subfield>
    <subfield code="b">t.p. (Fritz Skowronnek)</subfield>
  </datafield>
  <datafield tag="670" ind1=" " ind2=" ">
    <subfield code="a">OCLC, Aug. 15, 2001</subfield>
    <subfield code="b">(hdg.: Skowronnek, Fritz, 1858-1939; Skowronnek, Fritz Richard Bernhard, 1858- ; usage: Fritz Skowronnek)</subfield>
  </datafield>
</record>